%% This BibTeX bibliography file was created using BibDesk.
%% http://bibdesk.sourceforge.net/


%% Created for Robert at 2015-02-11 18:29:05 +0100 


%% Saved with string encoding Unicode (UTF-8) 



@comment{BibDesk Static Groups{
<?xml version="1.0" encoding="UTF-8"?>
<!DOCTYPE plist PUBLIC "-//Apple//DTD PLIST 1.0//EN" "http://www.apple.com/DTDs/PropertyList-1.0.dtd">
<plist version="1.0">
<array>
	<dict>
		<key>group name</key>
		<string>Alte</string>
		<key>keys</key>
		<string></string>
	</dict>
</array>
</plist>
}}
